<record><leader>00000cas a22000007a 4500</leader><controlfield tag="001">9426515</controlfield><controlfield tag="008">830419d19181919iauwr ne      0    0eng d</controlfield><datafield ind1=" " ind2=" " tag="010"><subfield code="a">sn 83045318 </subfield></datafield><datafield ind1=" " ind2=" " tag="040"><subfield code="a">CRL</subfield><subfield code="b">eng</subfield><subfield code="c">CRL</subfield><subfield code="d">NPW</subfield><subfield code="d">INP</subfield><subfield code="d">CRL</subfield><subfield code="d">OCLCQ</subfield><subfield code="d">OCLCF</subfield><subfield code="d">OCLCO</subfield></datafield><datafield ind1="1" ind2=" " tag="029"><subfield code="a">AU@</subfield><subfield code="b">000025812136</subfield></datafield><datafield ind1=" " ind2=" " tag="042"><subfield code="a">msc</subfield></datafield><datafield ind1=" " ind2=" " tag="043"><subfield code="a">n-us-ia</subfield></datafield><datafield ind1="0" ind2="4" tag="245"><subfield code="a">The Manning herald.</subfield></datafield><datafield ind1=" " ind2=" " tag="260"><subfield code="a">Manning, Iowa :</subfield><subfield code="b">P.F. Werner,</subfield><subfield code="c">[1918-1919]</subfield></datafield><datafield ind1=" " ind2=" " tag="300"><subfield code="a">2 v. :</subfield><subfield code="b">ill.</subfield></datafield><datafield ind1=" " ind2=" " tag="310"><subfield code="a">Weekly</subfield></datafield><datafield ind1="0" ind2=" " tag="362"><subfield code="a">Vol. 25, no. 40 (Oct. 2, 1918)-v. 26, no. 14 (Apr. 2, 1919).</subfield></datafield><datafield ind1=" " ind2="0" tag="650"><subfield code="a">German Americans</subfield><subfield code="z">Iowa</subfield><subfield code="v">Newspapers.</subfield></datafield><datafield ind1=" " ind2="7" tag="655"><subfield code="a">Newspapers.</subfield><subfield code="2">fast</subfield><subfield code="0">(OCoLC)fst01423814</subfield></datafield><datafield ind1=" " ind2="7" tag="650"><subfield code="a">German Americans.</subfield><subfield code="2">fast</subfield><subfield code="0">(OCoLC)fst00941308</subfield></datafield><datafield ind1=" " ind2="7" tag="651"><subfield code="a">Iowa.</subfield><subfield code="2">fast</subfield><subfield code="0">(OCoLC)fst01205835</subfield></datafield><datafield ind1=" " ind2=" " tag="752"><subfield code="a">United States</subfield><subfield code="b">Iowa</subfield><subfield code="c">Carroll</subfield><subfield code="d">Manning.</subfield></datafield><datafield ind1="0" ind2="0" tag="780"><subfield code="t">Manning Herold</subfield><subfield code="w">(DLC)sn 83045317</subfield><subfield code="w">(OCoLC)9426492</subfield></datafield><datafield ind1="0" ind2="4" tag="785"><subfield code="t">Manning monitor</subfield><subfield code="w">(DLC)sn 83045316</subfield><subfield code="w">(OCoLC)9426975</subfield><subfield code="g">Apr. 10, 1919</subfield></datafield></record>